@ONLINE{BusinessJavascript,
author = {W3Techs - World Wide Web Technology Surveys},
title = {Usage of JavaScript for websites},
url = {http://w3techs.com/technologies/details/cp-javascript/all/all},
note = {Last checked: April~9, 2013}
}

@BOOK{Tddjs,
author = {Christian Johansen},
title = {Test-Driven JavaScript Development},
publisher = {ADDISON-WESLEY},
isbn = {9780321683915},
year = {2010},
}

@BOOK{Clean,
author = {Robert C. Martin},
title = {Clean Code - A Handbook of Agile Software Craftsmanship},
publisher = {PRENTICE HALL},
isbn = {9780132350884},
year = {2009},
}

@BOOK{GoodParts,
author = {Douglas Crockford},
title = {JavaScript: The Good Parts},
publisher = {O'Reilly Media, Inc.},
isbn = {9780596517748},
year = {2008},
}